@article{schechter1976analytic,
  title={An analytic expression for the luminosity function for galaxies},
  author={Schechter, Paul},
  journal={The Astrophysical Journal},
  volume={203},
  pages={297--306},
  year={1976}
}

@article{malmquist1922some,
  title={On some relations in stellar statistics},
  author={Malmquist, Karl Gunnar},
  journal={Meddelanden fran Lunds Astronomiska Observatorium Serie I},
  volume={100},
  pages={1--52},
  year={1922}
}

@article{butkevich2005statistical,
  title={Statistical biases in stellar astronomy: the Malmquist bias revisited},
  author={Butkevich, AG and Berdyugin, AV and Teerikorpi, P},
  journal={Monthly Notices of the Royal Astronomical Society},
  volume={362},
  number={1},
  pages={321--330},
  year={2005},
  publisher={Oxford University Press}
}

@book{binney1998galactic,
   author = {{Binney}, J. and {Merrifield}, M.},
    title = "{Galactic Astronomy}",
booktitle = {Galactic astronomy / James Binney and Michael Merrifield.~ Princeton, NJ : Princeton University Press, 1998.~ (Princeton series in astrophysics) QB857 .B522 1998  ($35.00)},
     year = 1998,
   adsurl = {http://adsabs.harvard.edu/abs/1998gaas.book.....B},
  adsnote = {Provided by the SAO/NASA Astrophysics Data System}
}

@article{binggeli1988luminosity,
  title={The luminosity function of galaxies},
  author={Binggeli, Bruno and Sandage, Allan and Tammann, GA},
  journal={Annual review of astronomy and astrophysics},
  volume={26},
  pages={509--560},
  year={1988}
}

@article{willmer1997estimating,
  title={Estimating galaxy luminosity functions},
  author={Willmer, CNA},
  journal={The Astronomical Journal},
  volume={114},
  pages={898--912},
  year={1997}
}

@article{takeuchi2000tests,
  title={Tests of statistical methods for estimating galaxy luminosity function and applications to the Hubble deep field},
  author={Takeuchi, Tsutomu T and Yoshikawa, Kohji and Ishii, Takako T},
  journal={The Astrophysical Journal Supplement Series},
  volume={129},
  number={1},
  pages={1},
  year={2000},
  publisher={IOP Publishing}
}

@article{ilbert2004bias,
  title={Bias in the estimation of global luminosity functions},
  author={Ilbert, Olivier and Tresse, L and Arnouts, S and Zucca, E and Bardelli, S and Zamorani, G and Adami, C and Cappi, A and Garilli, B and Le Fevre, O and others},
  journal={Monthly Notices of the Royal Astronomical Society},
  volume={351},
  number={2},
  pages={541--551},
  year={2004},
  publisher={Oxford University Press}
}

@article{schmidt1968space,
  title={Space distribution and luminosity functions of quasi-stellar radio sources},
  author={Schmidt, Maarten},
  journal={The Astrophysical Journal},
  volume={151},
  pages={393},
  year={1968}
}

@article{sandage1979velocity,
  title={The velocity field of bright nearby galaxies. I-The variation of mean absolute magnitude with redshift for galaxies in a magnitude-limited sample},
  author={Sandage, Allan and Tammann, GA and Yahil, Amos},
  journal={The Astrophysical Journal},
  volume={232},
  pages={352--364},
  year={1979}
}

@article{blanton2003galaxy,
  title={The Galaxy Luminosity Function and Luminosity Density at Redshift z= 0.1},
  author={Blanton, Michael R and Hogg, David W and Bahcall, Neta A and Brinkmann, J and Britton, Malcolm and Connolly, Andrew J and Csabai, Istv{\'a}n and Fukugita, Masataka and Loveday, Jon and Meiksin, Avery and others},
  journal={The Astrophysical Journal},
  volume={592},
  pages={819--838},
  year={2003}
}

@article{kelly2008flexible,
  title={A flexible method of estimating luminosity functions},
  author={Kelly, Brandon C and Fan, Xiaohui and Vestergaard, Marianne},
  journal={The Astrophysical Journal},
  volume={682},
  number={2},
  pages={874--895},
  year={2008},
  publisher={IOP Publishing}
}

@ARTICLE{K+12-DustSEDs,
   author = {{Kelly}, B.~C. and {Shetty}, R. and {Stutz}, A.~M. and {Kauffmann}, J. and 
	{Goodman}, A.~A. and {Launhardt}, R.},
    title = "{Dust Spectral Energy Distributions in the Era of Herschel and Planck: A Hierarchical Bayesian-fitting Technique}",
  journal = {The Astrophysical Journal},
archivePrefix = "arXiv",
   eprint = {1203.0025},
 primaryClass = "astro-ph.IM",
 keywords = {infrared: ISM, ISM: structure, methods: data analysis, methods: statistical, stars: formation},
     year = 2012,
    month = jun,
   volume = 752,
      eid = {55},
    pages = {55},
      doi = {10.1088/0004-637X/752/1/55},
   adsurl = {http://adsabs.harvard.edu/abs/2012ApJ...752...55K},
  adsnote = {Provided by the SAO/NASA Astrophysics Data System}
}

@ARTICLE{LW98a-GRBLumFunc,
   author = {{Loredo}, T.~J. and {Wasserman}, I.~M.},
    title = "{Inferring the Spatial and Energy Distribution of Gamma-Ray Burst Sources. II. Isotropic Models}",
  journal = {The Astrophysical Journal},
   eprint = {astro-ph/9701111},
 keywords = {COSMOLOGY: OBSERVATIONS, GAMMA RAYS: BURSTS, METHODS: DATA ANALYSIS, METHODS: STATISTICAL, Cosmology: Observations, Gamma Rays: Bursts, Methods: Data Analysis, Methods: Statistical},
     year = 1998,
    month = jul,
   volume = 502,
    pages = {75-107},
      doi = {10.1086/305870},
   adsurl = {http://adsabs.harvard.edu/abs/1998ApJ...502...75L},
  adsnote = {Provided by the SAO/NASA Astrophysics Data System}
}

@INPROCEEDINGS{L04-MsmtErr,
   author = {{Loredo}, T.~J.},
    title = "{Accounting for Source Uncertainties in Analyses of Astronomical Survey Data}",
 keywords = {Inference methods, Astronomical catalogs atlases sky surveys databases retrieval systems archives etc.},
booktitle = {American Institute of Physics Conference Series},
     year = 2004,
   series = {American Institute of Physics Conference Series},
   volume = 735,
   eprint = {astro-ph/0409387},
   editor = {{Fischer}, R. and {Preuss}, R. and {Toussaint}, U.~V.},
    month = nov,
    pages = {195-206},
      doi = {10.1063/1.1835214},
   adsurl = {http://adsabs.harvard.edu/abs/2004AIPC..735..195L},
  adsnote = {Provided by the SAO/NASA Astrophysics Data System}
}

@incollection{loredo2013survey,
  series = {Springer {Series} in {Astrostatistics}},
  title = {Bayesian {Astrostatistics}: {A} {Backward} {Look} to the {Future}},
  isbn = {978-1-4614-3507-5 978-1-4614-3508-2},
  language = {en},
  number = {1},
  urldate = {2014-06-12},
  booktitle = {Astrostatistical {Challenges} for the {New} {Astronomy}},
  publisher = {Springer New York},
  author = {Loredo, Thomas J.},
  editor = {Hilbe, Joseph M.},
  month = jan,
  year = {2013},
  pages = {15--40}
}

@article{lynden1971method,
  title={A method of allowing for known observational selection in small samples applied to 3CR quasars},
  author={Lynden-Bell, D},
  journal={Monthly Notices of the Royal Astronomical Society},
  volume={155},
  number={1},
  pages={95--118},
  year={1971},
  publisher={Oxford University Press}
}

@article{choloniewski1986new,
  title={New method for the determination of the luminosity function of galaxies},
  author={Choloniewski, Jacek},
  journal={Monthly Notices of the Royal Astronomical Society},
  volume={223},
  pages={1--9},
  year={1986}
}

@article{subbarao1996luminosity,
  title={Luminosity Functions From Photometric Redshifts. I. Techniques},
  author={Subbarao, MU and Connolly, AJ and Szalay, AS and Koo, DC},
  journal={The Astronomical Journal},
  volume={112},
  pages={929},
  year={1996}
}

@article{roberts2004general,
  title={General state space Markov chains and MCMC algorithms},
  author={Roberts, Gareth O and Rosenthal, Jeffrey S},
  journal={Probability Surveys},
  volume={1},
  pages={20--71},
  year={2004}
}

@article{vihola2012robust,
  title={Robust adaptive Metropolis algorithm with coerced acceptance rate},
  author={Vihola, Matti},
  journal={Statistics and Computing},
  volume={22},
  number={5},
  pages={997--1008},
  year={2012},
  publisher={Springer}
}

@book{devroye1986non,
  title={Non-Uniform Random Numbers Variate Generation},
  author={Devroye, Luc},
  publisher={Springer-Verlag, New York},
  year={1986}
}

@article{nelder1965simplex,
  title={A simplex method for function minimization},
  author={Nelder, John A and Mead, Roger},
  journal={The computer journal},
  volume={7},
  number={4},
  pages={308--313},
  year={1965},
  publisher={Br Computer Soc}
}

@techreport{fink1997compendium,
  title={A compendium of conjugate priors},
  author={Fink, Daniel},
  institution={Montana State University},
  year={1997}
}

@misc{johnsoncubature,
  author={Johnson, Steven G.},
  title={Cubature: C package for adaptive multivariate integration of vector-valued integrands over hypercubes},
  howpublished={http://ab-initio.mit.edu/wiki/index.php/Cubature}
}

@book {C+06-MsmtErr,
    AUTHOR = {Carroll, Raymond J. and Ruppert, David and Stefanski, Leonard
              A. and Crainiceanu, Ciprian M.},
     TITLE = {Measurement error in nonlinear models},
    SERIES = {Monographs on Statistics and Applied Probability},
    VOLUME = {105},
   EDITION = {Second},
      NOTE = {A modern perspective},
 PUBLISHER = {Chapman \& Hall/CRC, Boca Raton, FL},
      YEAR = {2006},
     PAGES = {xxviii+455},
      ISBN = {978-1-58488-633-4; 1-58488-633-1},
   MRCLASS = {62-02 (62F10 62F12 62J02 62J12)},
  MRNUMBER = {2243417},
MRREVIEWER = {Alexander G. Kukush},
       DOI = {10.1201/9781420010138},
       URL = {http://dx.doi.org/10.1201/9781420010138},
}

@article {S+10-GPUMixtures,
    AUTHOR = {Suchard, Marc A. and Wang, Quanli and Chan, Cliburn and
              Frelinger, Jacob and Cron, Andrew and West, Mike},
     TITLE = {Understanding {GPU} programming for statistical computation:
              studies in massively parallel massive mixtures},
   JOURNAL = {J. Comput. Graph. Statist.},
  FJOURNAL = {Journal of Computational and Graphical Statistics},
    VOLUME = {19},
      YEAR = {2010},
    NUMBER = {2},
     PAGES = {419--438},
      ISSN = {1061-8600},
   MRCLASS = {Database Expansion Item},
  MRNUMBER = {2758309},
       DOI = {10.1198/jcgs.2010.10016},
       URL = {http://dx.doi.org/10.1198/jcgs.2010.10016},
}

@article {SHW10-Bayes+GPUs,
    AUTHOR = {Suchard, Marc A. and Holmes, Chris and West, Mike},
     TITLE = {Some of the What?, Why?, How?, Who? and Where? of Graphics Processing Unit Computing for Bayesian Analysis},
   JOURNAL = {Bulletin of the International Society for Bayesian Analysis},
    VOLUME = {17},
    NUMBER = {1},
      YEAR = {2010},
     PAGES = {12--16},
       URL = {http://bayesian.org/sites/default/files/fm/bulletins/1003.pdf},
}

@article {NMR14-GPUSliceSamp,
    AUTHOR = {Nishihara, Robert and Murray, Iain and Adams, Ryan P.},
     TITLE = {Parallel {MCMC} with generalized elliptical slice sampling},
   JOURNAL = {J. Mach. Learn. Res.},
  FJOURNAL = {Journal of Machine Learning Research (JMLR)},
    VOLUME = {15},
      YEAR = {2014},
     PAGES = {2087--2112},
      ISSN = {1532-4435},
   MRCLASS = {60J22 (62H05 62H30 65C05)},
  MRNUMBER = {3231603},
}
